@article{singh1989,
author = {Ashbindu Singh },
title = {Review Article Digital change detection techniques using remotely-sensed data},
journal = {International Journal of Remote Sensing},
volume = {10},
number = {6},
pages = {989-1003},
year  = {1989}
}

@article{DUEKER197289,
title = {Urban-change detection systems: Remote-sensing inputs},
journal = {Photogrammetria},
volume = {28},
number = {3},
pages = {89 - 106},
year = {1972},
author = {Kenneth J Dueker and Frank E Horton}
}

@inproceedings{saux2013,
author={B. {Le Saux} and H. {Randrianarivo}},
booktitle={International Geoscience and Remote Sensing Symposium},
title={Urban change detection in SAR images by interactive learning},
year={2013},
pages={3990-3993}
}

@article{zhu2014,
title = {Continuous change detection and classification of land cover using all available Landsat data},
journal = {Remote Sensing of Environment},
volume = {144},
pages = {152 - 171},
year = {2014},
author = {Zhe Zhu and Curtis E. Woodcock}
}

@article{mou2019,
author={L. {Mou} and L. {Bruzzone} and X. X. {Zhu}},
journal={Transactions on Geoscience and Remote Sensing},
title={Learning Spectral-Spatial-Temporal Features via a Recurrent Convolutional Neural Network for Change Detection in Multispectral Imagery},
year={2019},
volume={57},
number={2},
pages={924-935}}

@inproceedings{daudt2018urban,
  author = { {Caye Daudt}, R. and {Le Saux}, B. and Boulch, A. and Gousseau, Y.},
  title = {Urban Change Detection for Multispectral Earth Observation Using Convolutional Neural Networks},
  booktitle = {International Geoscience and Remote Sensing Symposium},
  venue =  {Valencia, Spain},
  month = {July},
  year = {2018},
}

@inproceedings{daudt2018fully,
  title={Fully Convolutional Siamese Networks for Change Detection},
  author={ {Caye Daudt}, R. and {Le Saux}, B. and Boulch, A.},
  booktitle={International Conference on Image Processing},
  venue =  {Athens, Greece},
  year={2018},
  month = {October}
}